@book{agresti2017,
  title = {Statistics: The art and science of learning from data},
  author = {Agresti, Alan and Franklin, Christine A and Klingenberg, Bernhard},
  year = 2017,
  edition = 4,
  publisher = {Pearson Education}
}

@book{akritas2016,
  title = {Probability \& statistics with R for engineers and scientists},
  author = {Akritas, Michael G},
  year = 2016,
  edition = 1,
  publisher = {Pearson Boston, MA}
}

@book{degroot2012,
  title = {Probability and statistics},
  author = {DeGroot, Morris H and Schervish, Mark J},
  year = 2012,
  edition = 4,
  publisher = {Pearson Education}
}

@book{gould2017,
  title = {Essential Statistics},
  author = {Gould, Robert N and Ryan, Colleen N and Wong, Rebecca},
  year= 2017,
  edition = 2,
  publisher = {Pearson Education}
}

@book{walpole2016,
  title = {Probability and statistics for engineers and scientists},
  author = {Walpole, Ronald E and Myers, Raymond H and Myers, Sharon L and Ye, Keying},
  year = 2016,
  edition = 9,
  publisher = {Pearson Education}
}