@article{young2009fisica,
	title={F\'{i}sica universitaria, vol. 1},
	author={Young, H and Freedman; Sears; F and Zemansky, M},
	journal={Naucalpan de Ju\'{a}rez-Mexico: Pearson Educaci\'{o}n de M\'{e}xico, SA},
	year={2009}
}

@MANUAL {FC,
	title        = {Manual de laboratorio de f\'{i}sica general},
	author       = {Facultad de Ciencias},
	organization = {Universidad Nacional de Ingenier\'{i}a},
	month        = {mar},
	year         = {2009}
}