
@book{modern2005,
  title = {A Modern Introduction to Probability and Statistics: Understanding why and how},
  author = {Dekking, Frederik Michel and Kraaikamp, Cornelis and Lopuha{\"a}, Hendrik Paul and Meester, Ludolf Erwin},
  year = 2005,
  publisher={Springer Science \& Business Media}
}